@article{aurenhammer1992cgflce,
  title={{Cartesian graph factorization at logarithmic cost per edge}},
  author={Aurenhammer, F. and Hagauer, J. and Imrich, W.},
  journal={Computational Complexity},
  volume={2},
  number={4},
  pages={331--349},
  year={1992},
  publisher={Springer}
}

@article{sabidussi1959gm,
  title={{Graph multiplication}},
  author={Sabidussi, G.},
  journal={Mathematische Zeitschrift},
  volume={72},
  number={1},
  pages={446--457},
  year={1959},
  publisher={Springer}
}

@article{feigenbaum1985ptafpfcpg,
  title={{Polynomial time algorithm for finding the prime factors of Cartesian-product graphs.}},
  author={Feigenbaum, J. and Hershberger, J. and Schaeffer, A.},
  journal={Discrete Appl. Math.},
  volume={12},
  number={2},
  pages={123--138},
  year={1985}
}
@article{graham1984ieg,
  title={{Isometric embeddings of graphs}},
  author={Graham, RL and Winkler, PM},
  journal={Proceedings of the National Academy of Sciences},
  volume={81},
  number={22},
  pages={7259--7260},
  year={1984},
  publisher={National Acad Sciences}
}
@article{hochstrasser1992nwafcg,
  title={{A note on Winkler's algorithm for factoring a connected graph}},
  author={Hochstrasser, B.},
  journal={Discrete Mathematics},
  volume={109},
  number={1-3},
  pages={127--132},
  year={1992},
  publisher={Elsevier Science Publishers BV Amsterdam, The Netherlands, The Netherlands}
}
@article{vizing1963cpf,
  title={{The cartesian product of graphs}},
  author={Vizing, VG},
  journal={Vycisl. Sistemy},
  volume={9},
  pages={30--43},
  year={1963}
}
@article{winkler1987fgpt,
  title={{Factoring a graph in polynomial time}},
  author={Winkler, P.},
  journal={European Journal of Combinatorics},
  volume={8},
  number={2},
  pages={209--212},
  year={1987},
  publisher={Academic Press Ltd. London, UK, UK}
}
@article{feder1992pgr,
  title={{Product graph representations}},
  author={Feder, T.},
  journal={Journal of Graph Theory},
  volume={16},
  number={5},
  year={1992},
  publisher={Wiley Subscription Services, Inc., A Wiley Company New York}
}